<?xml version="1.0" encoding="UTF-8"?><record xmlns="http://www.loc.gov/MARC21/slim" xmlns:cinclude="http://apache.org/cocoon/include/1.0" xmlns:zs="http://www.loc.gov/zing/srw/">
  <leader>00364nz  a2200133n  4500</leader>
  <controlfield tag="001">n  85804561 </controlfield>
  <controlfield tag="003">DLC</controlfield>
  <controlfield tag="005">19850429115433.7</controlfield>
  <controlfield tag="008">850426n| acannaab|          |n aad ||| c</controlfield>
  <datafield tag="010" ind1=" " ind2=" ">
    <subfield code="a">n  85804561 </subfield>
  </datafield>
  <datafield tag="040" ind1=" " ind2=" ">
    <subfield code="a">ICU</subfield>
    <subfield code="c">ICU</subfield>
  </datafield>
  <datafield tag="100" ind1="1" ind2="0">
    <subfield code="a">Treiber, Erich E.</subfield>
  </datafield>
  <datafield tag="667" ind1=" " ind2=" ">
    <subfield code="a">PRELIMINARY</subfield>
  </datafield>
  <datafield tag="670" ind1=" " ind2=" ">
    <subfield code="a">LCCN 58-1103: His Die Chemie der Pflanzenzellwand, 1957</subfield>
    <subfield code="b">(hdg.: Treiber, Erich E.)</subfield>
  </datafield>
</record>